@book{lamport94,
  author    = {Leslie Lamport},
  title     = {{\LaTeX: A Document Preparation System}},
  year      = {1994},
  publisher = {Addison-Wesley},
  edition   = {2nd},
  address   = {Reading, Massachusetts}
}

@inproceedings{nicepaper1,
  author    = {Firstname1 Lastname1 and Firstname2 Lastname2},
  title     = {A Very Nice Paper To Cite},
  year      = {2016},
  booktitle = {Proceedings of the 49th Annual IEEE/ACM International Symposium on Microarchitecture}
}

@inproceedings{nicepaper2,
  author    = {Firstname1 Lastname1 and Firstname2 Lastname2 and Firstname3 Lastname3},
  title     = {Another Very Nice Paper to Cite},
  year      = {2015},
  booktitle = {Proceedings of the 48th Annual IEEE/ACM International Symposium on Microarchitecture}
}

@inproceedings{nicepaper3,
  author    = {Firstname1 Lastname1 and Firstname2 Lastname2 and Firstname3 Lastname3 and Firstname4 Lastname4 and Firstname5 Lastname5 and Firstname6 Lastname6 and Firstname7 Lastname7 and Firstname8 Lastname8 and Firstname9 Lastname9 and Firstname10 Lastname10 and Firstname11 Lastname11 and Firstname12 Lastname12},
  title     = {Yet Another Very Nice Paper To Cite, With Many Author Names All Spelled Out},
  year      = {2011},
  booktitle = {Proceedings of the 38th Annual International Symposium on Computer Architecture}
}

@article{Alpha21264,
  author  = {Kessler, R.E.},
  journal = {IEEE Micro},
  title   = {The Alpha 21264 microprocessor},
  year    = {1999},
  volume  = {19},
  number  = {2},
  pages   = {24-36},
  doi     = {10.1109/40.755465}
}

@misc{bp_survey1,
  doi       = {10.48550/ARXIV.1804.00261},
  url       = {https://arxiv.org/abs/1804.00261},
  author    = {Mittal, Sparsh},
  keywords  = {Hardware Architecture (cs.AR), FOS: Computer and information sciences, FOS: Computer and information sciences},
  title     = {A Survey of Techniques for Dynamic Branch Prediction},
  publisher = {arXiv},
  year      = {2018},
  copyright = {arXiv.org perpetual, non-exclusive license}
}

@inproceedings{perceptron_predictor,
  author    = {Jimenez, D.A. and Lin, C.},
  booktitle = {Proceedings HPCA Seventh International Symposium on High-Performance Computer Architecture},
  title     = {Dynamic branch prediction with perceptrons},
  year      = {2001},
  volume    = {},
  number    = {},
  pages     = {197-206},
  doi       = {10.1109/HPCA.2001.903263}
}

